@manual{oetiket2007lshort,
    author = {Oetiket, T. and Partl, H. and Hyna and Schlegl, E.},
    title = {The not-so-short introduction to Latex},
    url = {http://www.ctan.org/tex-archive/info/lshort/english/lshort.pdf}
}

@Manual{downes2002shortams,
  title = 	 {{Short Math Guide for \LaTeX{}}},
  author = 	 {Downes,, Michael},
  organization = {American Mathematical Society},
  year = 	 {2002},
  url = 	 {ftp://ftp.ams.org/pub/tex/doc/amsmath/short-math-guide.pdf}
}

@Book{ungar2002uvod,
  author = 	 {Šime Ungar},
  title = 	 {{Uvod u \TeX{} s naglaskom na \LaTeX 2$\epsilon$}},
  publisher = 	 {Odjel za matematiku, Sveučilište J.J.\ Strossmayera u Osijeku},
  year = 	 {2002}
}

@Article{alexkrizhevsky2009,
  author = 	 {Alex Krizhevsky},
  title = 	 {Learning Multiple Layers of Features from Tiny Images},
  year = 	 {2009},
  url = {https://www.cs.toronto.edu/~kriz/learning-features-2009-TR.pdf}
}

@article{miranda2017softmax,
  title        = {Understanding softmax and the negative log-likelihood"},
  author       = {Miranda, Lester James},
  journal      = {ljvmiranda921.github.io},
  url          = {\url{https://ljvmiranda921.github.io/notebook/2017/08/13/softmax-and-the-negative-log-likelihood/}},
  year         = {2017}
}

@article{centerloss,
  title        = {Understanding Center Loss Based Network for Image Retrieval with Few Training Data},
  author       = {Pallabi Ghosh, Larry S. Davis},
  url          = {\url{https://openaccess.thecvf.com/content_ECCVW_2018/papers/11132/Ghosh_Understanding_Center_Loss_Based_Network_for_Image_Retrieval_with_Few_ECCVW_2018_paper.pdf}},
  year         = {2018}
}